%%% ====================================================================
%%%  BibTeX-file{
%%%     author          = "Gerry Murray",
%%%     version         = "1.2",
%%%     date            = "2 April 2012",
%%%     filename        = "acmsmall-sample-bibfile.bib",
%%%     address         = "ACM, NY",
%%%     email           = "murray at hq.acm.org",
%%%     codetable       = "ISO/ASCII",
%%%     keywords        = "ACM Reference Format, bibliography, citation, references",
%%%     supported       = "yes",
%%%     docstring       = "This BibTeX database file contains 'bibdata' entries
%%%                        that 'match' the examples provided in the Specifications Document
%%%                        AND, also, 'legacy'-type bibs. It should assist authors in 
%%%                        choosing the 'correct' at-bibtype and necessary bib-fields
%%%                        so as to obtain the appropriate ACM Reference Format output. 
%%%			   It also contains many 'Standard Abbreviations'. "
%%%  }
%%% ====================================================================

@online{Karpathy,
	author =       "Andrej Karpathy",
	year =         "2015",
	title =        "The Unreasonable Effectiveness of Recurrent Neural Networks",
	url =          "http://karpathy.github.io/2015/05/21/rnn-effectiveness/",
	lastaccessed = "July 21, 2017",
}

@online{Thang,
	author =       "Thang Luong",
	year =         "2017",
	title =        "Building Your Own Neural Machine Translation System in TensorFlow",
	url =          "https://research.googleblog.com/2017/07/building-your-own-neural-machine.html",
	lastaccessed = "July 30, 2017",
}

@ARTICLE{collobert:scratch,
	author = {R. Collobert, J.Weston, L.Bottou, M.Karlen, K.Kavukcuoglu, P.Kuska },
	title = {Natural language processing (almost) from scratch},
	journal = {JMLR},
	volume = {12},
	number = {2},
	pages = {291-301},
	month = {June},
	year = {2011},
}

@inproceedings{mikolov2013distributed,
	title={Distributed representations of words and phrases and their compositionality},
	author={Mikolov, Tomas and Sutskever, Ilya and Chen, Kai and Corrado, Greg S and Dean, Jeff},
	booktitle={Advances in neural information processing systems},
	pages={3111--3119},
	year={2013}
}

@inproceedings{liang2006alignment,
	title={Alignment by agreement},
	author={Liang, Percy and Taskar, Ben and Klein, Dan},
	booktitle={Proceedings of the main conference on Human Language Technology Conference of the North American Chapter of the Association of Computational Linguistics},
	pages={104--111},
	year={2006},
	organization={Association for Computational Linguistics}
}

@inproceedings{collard2011lightweight,
	title={Lightweight transformation and fact extraction with the srcML toolkit},
	author={Collard, Michael L and Decker, Michael J and Maletic, Jonathan I},
	booktitle={Source Code Analysis and Manipulation (SCAM), 2011 11th IEEE International Working Conference on},
	pages={173--184},
	year={2011},
	organization={IEEE}
}

@inproceedings{luong2015bilingual,
	title={Bilingual Word Representations with Monolingual Quality in Mind.},
	author={Luong, Thang and Pham, Hieu and Manning, Christopher D},
	booktitle={VS@ HLT-NAACL},
	pages={151--159},
	year={2015}
}

@article{cheng2017clcminer,
	title={CLCMiner: Detecting cross-language clones without intermediates},
	author={Cheng, Xiao and Peng, Zhiming and Jiang, Lingxiao and Zhong, Hao and Yu, Haibo and Zhao, Jianjun},
	journal={IEICE TRANSACTIONS on Information and Systems},
	volume={100},
	number={2},
	pages={273--284},
	year={2017},
	publisher={The Institute of Electronics, Information and Communication Engineers}
}

@article{maaten2008visualizing,
	title={Visualizing data using t-SNE},
	author={Maaten, Laurens van der and Hinton, Geoffrey},
	journal={Journal of Machine Learning Research},
	volume={9},
	number={Nov},
	pages={2579--2605},
	year={2008}
}

@inproceedings{pennington2014glove,
	title={Glove: Global vectors for word representation.},
	author={Pennington, Jeffrey and Socher, Richard and Manning, Christopher D},
	booktitle={EMNLP},
	volume={14},
	pages={1532--1543},
	year={2014}
}

@article{mikolov2013exploiting,
	title={Exploiting similarities among languages for machine translation},
	author={Mikolov, Tomas and Le, Quoc V and Sutskever, Ilya},
	journal={arXiv preprint arXiv:1309.4168},
	year={2013}
}

@inproceedings{zou2013bilingual,
	title={Bilingual Word Embeddings for Phrase-Based Machine Translation.},
	author={Zou, Will Y and Socher, Richard and Cer, Daniel M and Manning, Christopher D},
	booktitle={EMNLP},
	pages={1393--1398},
	year={2013}
}

@inproceedings{socher2011parsing,
	title={Parsing natural scenes and natural language with recursive neural networks},
	author={Socher, Richard and Lin, Cliff C and Manning, Chris and Ng, Andrew Y},
	booktitle={Proceedings of the 28th international conference on machine learning (ICML-11)},
	pages={129--136},
	year={2011}
}

@inproceedings{yang2016hierarchical,
	title={Hierarchical Attention Networks for Document Classification.},
	author={Yang, Zichao and Yang, Diyi and Dyer, Chris and He, Xiaodong and Smola, Alexander J and Hovy, Eduard H},
	booktitle={HLT-NAACL},
	pages={1480--1489},
	year={2016}
}

@inproceedings{hindle2012naturalness,
	title={On the naturalness of software},
	author={Hindle, Abram and Barr, Earl T and Su, Zhendong and Gabel, Mark and Devanbu, Premkumar},
	booktitle={Software Engineering (ICSE), 2012 34th International Conference on},
	pages={837--847},
	year={2012},
	organization={IEEE}
}

@inproceedings{raychev2015predicting,
	title={Predicting program properties from big code},
	author={Raychev, Veselin and Vechev, Martin and Krause, Andreas},
	booktitle={ACM SIGPLAN Notices},
	volume={50},
	number={1},
	pages={111--124},
	year={2015},
	organization={ACM}
}

@inproceedings{allamanis2015suggesting,
	title={Suggesting accurate method and class names},
	author={Allamanis, Miltiadis and Barr, Earl T and Bird, Christian and Sutton, Charles},
	booktitle={Proceedings of the 2015 10th Joint Meeting on Foundations of Software Engineering},
	pages={38--49},
	year={2015},
	organization={ACM}
}